%% This BibTeX bibliography file was created using BibDesk.
%% http://bibdesk.sourceforge.net/

%% Created for Jeremy Clark at 2018-01-12 16:30:53 -0500 


%% Saved with string encoding Unicode (UTF-8) 


@comment{jabref-meta: databaseType:bibtex;}



@inproceedings{CO13,
	Author = {J. Clark and P.C. {van} Oorschot},
	Booktitle = {IEEE S\&P},
	Date-Added = {2018-01-12 21:30:51 +0000},
	Date-Modified = {2018-01-12 21:30:51 +0000},
	Title = {{SSL} and {HTTPS}: Revisiting Past Challenges and Evaluating Certificate Trust Model Enhancements},
	Year = {2013}}

@inproceedings{Kalodner2015,
	Author = {Kalodner, Harry A and Carlsten, Miles and Ellenbogen, Paul and Bonneau, Joseph and Narayanan, Arvind},
	Booktitle = {WEIS},
	Title = {An Empirical Study of Namecoin and Lessons for Decentralized Namespace Design.},
	Year = {2015}}

@misc{Home41:online,
	Howpublished = {\url{http://www.ethereum-alarm-clock.com/}},
	Note = {(Accessed on 12/29/2017)},
	Title = {Home}}

@misc{slockitD53:online,
	Howpublished = {\url{https://github.com/slockit/DAO}},
	Note = {(Accessed on 01/02/2018)},
	Title = {slockit/DAO: The Standard DAO Framework, including Whitepaper}}

@misc{Analysis58:online,
	Howpublished = {\url{http://hackingdistributed.com/2016/06/18/analysis-of-the-dao-exploit/}},
	Note = {(Accessed on 01/02/2018)},
	Title = {Analysis of the DAO exploit}}

@inproceedings{luu2016making,
	Author = {Luu, Loi and Chu, Duc-Hiep and Olickel, Hrishi and Saxena, Prateek and Hobor, Aquinas},
	Booktitle = {Proceedings of the 2016 ACM SIGSAC Conference on Computer and Communications Security},
	Organization = {ACM},
	Pages = {254--269},
	Title = {Making smart contracts smarter},
	Year = {2016}}

@misc{nakamoto2008bitcoin,
	Author = {Nakamoto, Satoshi},
	Title = {Bitcoin: A peer-to-peer electronic cash system},
	Year = {2008}}

@article{buterin2014next,
	Author = {Buterin, Vitalik and others},
	Journal = {white paper},
	Title = {A next-generation smart contract and decentralized application platform},
	Year = {2014}}

@article{wood2014ethereum,
	Author = {Wood, Gavin},
	Journal = {Ethereum Project Yellow Paper},
	Title = {Ethereum: A secure decentralised generalised transaction ledger},
	Volume = {151},
	Year = {2014}}

@article{szabo1997formalizing,
	Author = {Szabo, Nick},
	Journal = {First Monday},
	Number = {9},
	Title = {Formalizing and securing relationships on public networks},
	Volume = {2},
	Year = {1997}}

@misc{Ethereum41:online,
	Howpublished = {\url{https://github.com/ethereum/wiki/wiki/Ethereum-Development-Tutorial}},
	Note = {(Accessed on 07/12/2017)},
	Title = {Ethereum Development Tutorial · ethereum/wiki Wiki}}

@article{fromknecht2014certcoin,
	Author = {Fromknecht, Conner and Velicanu, Dragos and Yakoubov, Sophia},
	Title = {CertCoin: A NameCoin Based Decentralized Authentication System 6.857 Class Project},
	Year = {2014}}

@article{axon2016pb,
	Author = {Axon, LM and Goldsmith, Michael},
	Title = {PB-PKI: a privacy-aware blockchain-based PKI},
	Year = {2016}}

@inproceedings{ali2016blockstack,
	Author = {Ali, Muneeb and Nelson, Jude C and Shea, Ryan and Freedman, Michael J},
	Booktitle = {USENIX Annual Technical Conference},
	Pages = {181--194},
	Title = {Blockstack: A Global Naming and Storage System Secured by Blockchains.},
	Year = {2016}}

@article{laurie2014certificate,
	Author = {Laurie, Ben},
	Journal = {Queue},
	Number = {8},
	Pages = {10},
	Publisher = {ACM},
	Title = {Certificate transparency},
	Volume = {12},
	Year = {2014}}

@misc{giteffor4:online,
	Howpublished = {\url{https://git.eff.org/?p=sovereign-keys.git;a=blob;f=sovereign-key-design.txt;hb=HEAD}},
	Note = {(Accessed on 01/10/2018)},
	Title = {git.eff.org Git - sovereign-keys.git/blob - sovereign-key-design.txt}}

@inproceedings{basin2014arpki,
	Author = {Basin, David and Cremers, Cas and Kim, Tiffany Hyun-Jin and Perrig, Adrian and Sasse, Ralf and Szalachowski, Pawel},
	Booktitle = {Proceedings of the 2014 ACM SIGSAC Conference on Computer and Communications Security},
	Organization = {ACM},
	Pages = {382--393},
	Title = {ARPKI: Attack resilient public-key infrastructure},
	Year = {2014}}

@article{matsumoto2016ikp,
	Author = {Matsumoto, Stephanos and Reischuk, Raphael M},
	Journal = {IACR Cryptology ePrint Archive},
	Pages = {1018},
	Title = {IKP: Turning a PKI Around with Blockchains.},
	Volume = {2016},
	Year = {2016}}

@inproceedings{melara2015coniks,
	Author = {Melara, Marcela S and Blankstein, Aaron and Bonneau, Joseph and Felten, Edward W and Freedman, Michael J},
	Booktitle = {USENIX Security Symposium},
	Pages = {383--398},
	Title = {CONIKS: Bringing Key Transparency to End Users.},
	Year = {2015}}

@inproceedings{bonneau2016ethiks,
	Author = {Bonneau, Joseph},
	Booktitle = {International Conference on Financial Cryptography and Data Security},
	Organization = {Springer},
	Pages = {95--105},
	Title = {EthIKS: Using Ethereum to audit a CONIKS key transparency log},
	Year = {2016}}

@misc{hardjonoverifiable,
	Author = {Hardjono, Thomas and Pentland, Alex Sandy},
	Title = {Verifiable Anonymous Identities and Access Control in Permissioned Blockchains}}

@inproceedings{syta2016keeping,
	Author = {Syta, Ewa and Tamas, Iulia and Visher, Dylan and Wolinsky, David Isaac and Jovanovic, Philipp and Gasser, Linus and Gailly, Nicolas and Khoffi, Ismail and Ford, Bryan},
	Booktitle = {Security and Privacy (SP), 2016 IEEE Symposium on},
	Organization = {Ieee},
	Pages = {526--545},
	Title = {Keeping authorities" honest or bust" with decentralized witness cosigning},
	Year = {2016}}

@inproceedings{chase2016transparency,
	Author = {Chase, Melissa and Meiklejohn, Sarah},
	Booktitle = {Proceedings of the 2016 ACM SIGSAC Conference on Computer and Communications Security},
	Organization = {ACM},
	Pages = {168--179},
	Title = {Transparency overlays and applications},
	Year = {2016}}

@inproceedings{al2017scpki,
	Author = {Al-Bassam, Mustafa},
	Booktitle = {Proceedings of the ACM Workshop on Blockchain, Cryptocurrencies and Contracts},
	Organization = {ACM},
	Pages = {35--40},
	Title = {SCPKI: A Smart Contract-based PKI and Identity System},
	Year = {2017}}

@inproceedings{myers1998revocatoin,
	Author = {Myers, Michael},
	Booktitle = {Financial Cryptography},
	Organization = {Springer},
	Pages = {165--171},
	Title = {Revocatoin: Options and challenges},
	Year = {1998}}

@article{topalovic2012towards,
	Author = {Topalovic, Emin and Saeta, Brennan and Huang, Lin-Shung and Jackson, Collin and Boneh, Dan},
	Journal = {Web 2.0 Security and Privacy},
	Title = {Towards short-lived certificates},
	Year = {2012}}

@article{yuevaluating,
	Author = {Yu, Jiangshan and Ryan, Mark},
	Title = {Evaluating web PKIs}}

@article{eckersley2010observatory,
	Author = {Eckersley, Peter and Burns, Jesse},
	Journal = {Talk at Defcon},
	Title = {An observatory for the SSLiverse},
	Volume = {18},
	Year = {2010}}

@misc{ComodoRe52:online,
	Howpublished = {\url{https://www.comodo.com/Comodo-Fraud-Incident-2011-03-23.html}},
	Note = {(Accessed on 07/11/2017)},
	Title = {Comodo Report of Incident - Comodo detected and thwarted an intrusion on 26-MAR-2011}}

@misc{kaminskypki,
	Author = {Kaminsky, Dan and Sassaman, Len and Patterson, Meredith},
	Title = {PKI Layer Cake: New Collision Attacks Against The Global X. 509 CA Infrastructure. Black Hat USA, August 2009}}

@misc{GoogleOn40:online,
	Howpublished = {\url{https://security.googleblog.com/2013/01/enhancing-digital-certificate-security.html}},
	Note = {(Accessed on 07/11/2017)},
	Title = {Google Online Security Blog: Enhancing digital certificate security}}

@misc{GoogleOn64:online,
	Howpublished = {\url{https://security.googleblog.com/2013/12/further-improving-digital-certificate.html}},
	Note = {(Accessed on 07/11/2017)},
	Title = {Google Online Security Blog: Further improving digital certificate security}}

@inproceedings{liu2016all,
	Author = {Liu, Daiping and Hao, Shuai and Wang, Haining},
	Booktitle = {Proceedings of the 2016 ACM SIGSAC Conference on Computer and Communications Security},
	Organization = {ACM},
	Pages = {1414--1425},
	Title = {All Your DNS Records Point to Us: Understanding the Security Threats of Dangling DNS Records},
	Year = {2016}}

@article{zusman2009criminal,
  title={Criminal charges are not pursued: Hacking PKI},
  author={Zusman, Mike},
  journal={DEFCON 17},
  year={2009}
}

@misc{GoDaddyo45:online,
author = {},
title = {GoDaddy owns up to role in epic Twitter account hijacking | PCWorld},
howpublished = {\url{https://www.pcworld.com/article/2093100/godaddy-owns-up-to-role-in-twitter-account-hijacking-incident.html}},
month = {},
year = {},
note = {(Accessed on 02/13/2018)}
}

@article{son2010hitchhiker,
  title={The hitchhiker’s guide to DNS cache poisoning},
  author={Son, Sooel and Shmatikov, Vitaly},
  journal={Security and Privacy in Communication Networks},
  pages={466--483},
  year={2010},
  publisher={Springer}
}
