%% This BibTeX bibliography file was created using BibDesk.
%% http://bibdesk.sourceforge.net/


%% Created for Jeremy Clark at 2013-10-17 23:11:10 -0400 


%% Saved with string encoding Unicode (UTF-8) 



@inproceedings{DKBH13,
	Author = {Zakir Durumeric and James Kasten and Michael Bailey and J. Alex Halderman},
	Booktitle = {IMC},
	Date-Added = {2013-10-18 03:10:28 +0000},
	Date-Modified = {2013-10-18 03:11:10 +0000},
	Title = {Analysis of the HTTPS Certificate Ecosystem},
	Year = {2013}}

@article{BFCZ12,
	Author = {Bhargavan, Karthikeyan and Fournet, C{\'e}dric and Corin, Ricardo and Z\u{a}linescu, Eugen},
	Date-Added = {2013-03-02 00:40:03 +0000},
	Date-Modified = {2013-03-02 12:50:36 +0000},
	Journal = {ACM TISSEC},
	Number = {1},
	Title = {Verified Cryptographic Implementations for {TLS}},
	Volume = {15},
	Year = {2012},
	Bdsk-Url-1 = {http://doi.acm.org/10.1145/2133375.2133378},
	Bdsk-Url-2 = {http://dx.doi.org/10.1145/2133375.2133378}}

@inproceedings{HBKC11,
	Author = {Ralph Holz and Lothar Braun and Nils Kammenhuber and Georg Carle},
	Booktitle = {IMC},
	Date-Added = {2013-03-01 22:26:13 +0000},
	Date-Modified = {2013-03-01 22:27:22 +0000},
	Title = {The {SSL} Landscape: A Thorough Analysis of the {X.509} {PKI} Using Active and Passive Measurements},
	Year = {2011}}

@techreport{AVHS12,
	Author = {Bernhard Amann and Matthias Vallentin and Seth Hall and Robin Sommer},
	Date-Added = {2013-03-01 19:23:24 +0000},
	Date-Modified = {2013-03-04 22:03:06 +0000},
	Institution = {ICSI},
	Title = {Revisiting {SSL}: A Large-Scale Study of the Internet's Most Trusted Protocol},
	Year = {2012}}

@inproceedings{AP13,
	Author = {Nadhem J. AlFardan and Kenneth G. Paterson},
	Booktitle = {IEEE Symposium on Security and Privacy},
	Date-Added = {2013-03-01 17:54:42 +0000},
	Date-Modified = {2013-03-04 14:41:29 +0000},
	Title = {Lucky Thirteen: Breaking the {TLS} and {DTLS} Record Protocols},
	Year = {2013}}

@inproceedings{Kra10,
	Author = {H. Krawczyk},
	Booktitle = {CRYPTO},
	Date-Added = {2013-03-01 16:29:12 +0000},
	Date-Modified = {2013-03-04 22:05:24 +0000},
	Title = {Cryptographic Extraction and Key Derivation: The {HKDF} Scheme},
	Year = {2010}}

@techreport{GKS12,
	Author = {Florian Giesen and Florian Kohlar and Douglas Stebila},
	Date-Added = {2012-11-08 11:31:40 -0500},
	Date-Modified = {2012-11-08 11:33:12 -0500},
	Institution = {IACR ePrint},
	Number = {2012/630},
	Title = {On the Security of {TLS} Renegotiation},
	Year = {2012}}

@inproceedings{MVVP12,
	Author = {N. Mavrogiannopoulos and F. Vercauteren and V. Velichkov and B. Preneel},
	Booktitle = {CCS},
	Date-Added = {2012-11-06 16:58:23 -0500},
	Date-Modified = {2012-11-07 16:44:41 -0500},
	Title = {A Cross-Protocol Attack on the {TLS} Protocol},
	Year = {2012}}

@conference{DR11,
	Author = {T. Duong and J. Rizzo},
	Booktitle = {Ekoparty},
	Date-Added = {2012-11-06 14:54:30 -0500},
	Date-Modified = {2013-03-04 22:03:17 +0000},
	Title = {Here come the {$\oplus$} ninjas},
	Year = {2011}}

@inproceedings{Kel02,
	Author = {Kelsey, John},
	Booktitle = {FSE},
	Date-Added = {2012-11-06 14:53:50 -0500},
	Date-Modified = {2012-11-06 14:56:15 -0500},
	Title = {Compression and Information Leakage of Plaintext},
	Year = {2002},
	Bdsk-Url-1 = {http://dx.doi.org/10.1007/3-540-45661-9_21}}

@inproceedings{BDJR97,
	Author = {Bellare, M. and Desai, A. and Jokipii, E. and Rogaway, P.},
	Booktitle = {FOCS},
	Date-Added = {2012-11-06 13:49:39 -0500},
	Date-Modified = {2012-11-06 13:50:00 -0500},
	Title = {A concrete security treatment of symmetric encryption},
	Year = {1997}}

@inproceedings{BT11,
	Author = {Brumley, Billy Bob and Tuveri, Nicola},
	Booktitle = {ESORICS},
	Date-Added = {2012-11-05 11:20:12 -0500},
	Date-Modified = {2012-11-05 11:20:38 -0500},
	Title = {Remote timing attacks are still practical},
	Year = {2011},
	Bdsk-Url-1 = {http://dl.acm.org/citation.cfm?id=2041225.2041252}}

@inproceedings{HDWH12,
	Author = {Nadia Heninger and Zakir Durumeric and Eric Wustrow and J. Alex Halderman},
	Booktitle = {USENIX Security},
	Date-Added = {2012-11-05 11:05:57 -0500},
	Date-Modified = {2012-11-05 11:06:24 -0500},
	Title = {Mining Your {P}s and {Q}s: {D}etection of Widespread Weak Keys in Network Devices},
	Year = 2012}

@inproceedings{LHA+12,
	Author = {Arjen K. Lenstra and James P. Hughes and Maxime Augier and Joppe W. Bos and Thorsten Kleinjung and Christophe Wachter},
	Booktitle = {CRYPTO},
	Date-Added = {2012-11-05 11:04:26 -0500},
	Date-Modified = {2012-11-05 11:04:47 -0500},
	Title = {Public Keys},
	Year = 2012,
	Bdsk-Url-1 = {http://dx.doi.org/10.1007/978-3-642-32009-5_37}}

@article{OW99,
	Author = {Paul C. van Oorschot and Michael J. Wiener},
	Date-Added = {2012-11-05 10:08:14 -0500},
	Date-Modified = {2012-11-05 10:08:25 -0500},
	Journal = {J. Cryptology},
	Pages = {1-28},
	Title = {Parallel Collision Search with Cryptanalytic Applications},
	Volume = {12},
	Year = 1999,
	Bdsk-Url-1 = {http://dx.doi.org/10.1007/PL00003816}}

@book{Res01,
	Author = {E. Rescorla},
	Date-Added = {2012-11-05 09:40:48 -0500},
	Date-Modified = {2012-11-05 09:42:15 -0500},
	Publisher = {Addison-Wesley},
	Title = {{SSL} and {TLS}: Designing and Building Secure Systems},
	Year = {2001}}

@inproceedings{JK20,
	Author = {Jakob Jonsson and Burton S. {Kaliski Jr.}},
	Booktitle = {CRYPTO},
	Date-Added = {2012-10-31 15:17:12 -0400},
	Date-Modified = {2012-11-07 16:45:25 -0500},
	Title = {On the Security of {RSA} Encryption in {TLS}},
	Year = {2002}}

@inproceedings{JKSS12,
	Author = {Tibor Jager and Florian Kohlar and Sven Sch{\"a}ge and J{\"o}rg Schwenk},
	Booktitle = {CRYPTO},
	Date-Added = {2012-10-31 15:14:53 -0400},
	Date-Modified = {2012-11-07 16:45:51 -0500},
	Title = {On the Security of {TLS-DHE} in the Standard Model},
	Year = {2012}}

@inproceedings{GMP+08,
	Author = {Gajek, Sebastian and Manulis, Mark and Pereira, Olivier and Sadeghi, Ahmad-Reza and Schwenk, J\"{o}rg},
	Booktitle = {ProvSec},
	Date-Added = {2012-10-31 15:13:19 -0400},
	Date-Modified = {2012-11-07 16:47:05 -0500},
	Title = {Universally Composable Security Analysis of {TLS}},
	Year = {2008}}

@inproceedings{MSW08,
	Author = {P. Morrissey and N. P. Smart and B. Warinschi},
	Booktitle = {ASIACRYPT},
	Date-Added = {2012-10-31 15:09:15 -0400},
	Date-Modified = {2012-11-07 16:44:23 -0500},
	Title = {A Modular Security Analysis of the {TLS} Handshake Protocol},
	Year = 2008,
	Bdsk-Url-1 = {http://dx.doi.org/10.1007/978-3-540-89255-7_5}}

@article{Pau99,
	Author = {Lawrence C. Paulson},
	Date-Added = {2012-10-31 15:04:41 -0400},
	Date-Modified = {2012-11-07 16:43:01 -0500},
	Journal = {ACM TISSEC},
	Title = {Inductive Analysis of the Internet Protocol {TLS}},
	Year = {1999}}

@conference{Res11,
	Author = {E. Rescorla},
	Booktitle = {INDOCRYPT (Invited talk)},
	Date-Added = {2012-10-31 14:18:51 -0400},
	Date-Modified = {2012-10-31 14:19:43 -0400},
	Title = {Stone Knives and Bear Skins: Why does the Internet still run on pre-historic cryptography?},
	Year = {2006}}

@inproceedings{GIJ+12,
	Author = {M. Georgiev and S. Iyengar and S. Jana and R. Anubhai and V. Shmatikov and D. Boneh},
	Booktitle = {CCS},
	Date-Added = {2012-10-12 12:56:09 -0400},
	Date-Modified = {2012-11-07 16:46:27 -0500},
	Title = {The most dangerous code in the world: validating {SSL} certificates in non-browser software},
	Year = {2012}}

@inproceedings{FHM+12,
	Author = {S. Fahl and M. Harbach and T. Muders and L. Baumgartner and B. Freisleben and M. Smith},
	Booktitle = {CCS},
	Date-Added = {2012-10-12 12:43:43 -0400},
	Date-Modified = {2012-10-12 12:45:00 -0400},
	Title = {Why {Eve} and {Mallory} Love {Android}: An Analysis of {Android} {SSL} (In)Security},
	Year = {2012}}

@inproceedings{SHB11,
	Author = {A Sotirakopoulos and K. Hawkey and K. Beznosov},
	Booktitle = {SOUPS},
	Date-Added = {2012-10-12 11:44:23 -0400},
	Date-Modified = {2012-10-12 11:47:17 -0400},
	Title = {On the Challenges in Usable Security Lab Studies: Lessons Learned from Replicating a Study on {SSL} Warnings},
	Year = {2011}}

@inproceedings{FW07,
	Author = {A. Porter Felt and D. Wagner},
	Booktitle = {USEC},
	Date-Added = {2012-10-12 11:10:57 -0400},
	Date-Modified = {2012-10-12 11:11:48 -0400},
	Title = {Phishing on Mobile Devices},
	Year = {2007}}

@inproceedings{TSHJB12,
	Author = {E. Topalovic and B. Saeta and L-S. Huang and C. Jackson and D. Boneh},
	Booktitle = {W2SP},
	Date-Added = {2012-10-12 10:07:56 -0400},
	Date-Modified = {2012-10-12 10:09:10 -0400},
	Title = {Toward Short-Lived Certificates},
	Year = {2012}}

@inproceedings{PKP06,
	Author = {B. Parno and C. Kuo and A. Perrig},
	Booktitle = {Financial Cryptography},
	Date-Added = {2012-10-11 16:48:17 -0400},
	Date-Modified = {2012-10-11 16:48:42 -0400},
	Title = {Phoolproof Phishing Prevention},
	Year = {2006}}

@article{OHB06,
	Author = {Oppliger, Rolf and Hauser, Ralf and Basin, David},
	Date-Added = {2012-10-11 16:37:19 -0400},
	Date-Modified = {2012-11-07 16:43:54 -0500},
	Journal = {Computer Communications},
	Number = {12},
	Title = {{SSL/TLS} session-aware user authentication},
	Volume = {29},
	Year = {2006},
	Bdsk-Url-1 = {http://dx.doi.org/10.1016/j.comcom.2006.03.004}}

@inproceedings{Riv98,
	Author = {R. Rivest},
	Booktitle = {Financial Cryptography},
	Date-Added = {2012-10-03 15:02:34 -0400},
	Date-Modified = {2012-10-03 15:03:23 -0400},
	Title = {Can We Eliminate Certificate Revocation Lists?},
	Year = {1998}}

@inproceedings{Mye98,
	Author = {M. Myers},
	Booktitle = {Financial Cryptography},
	Date-Added = {2012-10-03 12:34:45 -0400},
	Date-Modified = {2012-10-03 12:37:47 -0400},
	Title = {Revocation: Options and Challenges},
	Year = {1998}}

@inproceedings{SL11,
	Author = {D. Shin and R. Lopes},
	Booktitle = {ACSAC},
	Date-Added = {2012-10-03 10:55:08 -0400},
	Date-Modified = {2013-03-01 22:44:21 +0000},
	Title = {An Empirical Study of Visual Security Cues to Prevent the {SSLstripping} Attack},
	Year = {2011}}

@article{Lan11,
	Author = {A. Langley},
	Date-Added = {2012-10-02 18:15:16 -0400},
	Date-Modified = {2013-03-04 22:06:39 +0000},
	Journal = {USENIX ;Login:},
	Month = {Dec},
	Title = {Beyond the Basics of {HTTPS} Serving},
	Year = {2011}}

@inproceedings{OSD06,
	Author = {A. Ozment and S. E. Schecter and R. Dhamija},
	Booktitle = {W3C Workshop on Usability and Transparency of Web Authentication},
	Date-Added = {2012-10-02 18:02:15 -0400},
	Date-Modified = {2012-10-02 18:03:11 -0400},
	Title = {Web Sites Should Not Need to Rely On Users to Secure Communications},
	Year = {2006}}

@inproceedings{DAT12,
	Author = {I. Dacosta and M. Ahamad and P. Traynor},
	Booktitle = {ESORICS},
	Date-Added = {2012-10-02 15:38:30 -0400},
	Date-Modified = {2012-10-02 15:39:16 -0400},
	Title = {Trust No One Else: Detecting {MITM} Attacks against {SSL/TLS} without Third-Parties},
	Year = {2012}}

@inproceedings{AK09,
	Author = {M. Alicherry and A. D. Keromytis},
	Booktitle = {ISCC},
	Date-Added = {2012-10-02 13:20:21 -0400},
	Date-Modified = {2012-10-02 13:22:18 -0400},
	Title = {DoubleCheck: Multi-path Verification Against Man-in-the-Middle Attacks},
	Year = {2009}}

@inproceedings{BHOS12,
	Author = {Bonneau, J and Herley, C and van Oorschot, P C and Stajano, F},
	Booktitle = {IEEE Symp. Security \& Privacy},
	Date-Added = {2012-09-26 11:47:27 -0400},
	Date-Modified = {2013-03-04 22:04:06 +0000},
	Title = {The quest to replace passwords: a framework for comparative evaluation of web authentication schemes},
	Year = {2012}}

@inproceedings{DCBW12,
	Author = {M. Dietz and A. Czeskis and D. Balfanz and D. S. Wallach},
	Booktitle = {USENIX Security},
	Date-Added = {2012-09-10 16:09:25 -0400},
	Date-Modified = {2012-09-10 16:10:10 -0400},
	Title = {Origin-Bound Certificates: A Fresh Approach to Strong Client Authentication for the Web},
	Year = {2012}}

@inproceedings{ABJD10,
	Author = {G. Aggarwal and E. Bursztein and C. Jackson and D. Boneh},
	Booktitle = {USENIX Security},
	Date-Added = {2012-09-10 15:41:45 -0400},
	Date-Modified = {2012-09-10 15:42:45 -0400},
	Title = {An analysis of private browsing modes in modern browsers},
	Year = {2010}}

@inproceedings{DMS04,
	Author = {R. Dingledine and N. Mathewson and P. Syverson},
	Booktitle = {USENIX Security},
	Date-Added = {2012-09-10 15:40:25 -0400},
	Date-Modified = {2012-09-10 15:41:12 -0400},
	Title = {Tor: the second-generation onion router},
	Year = {2004},
	Bdsk-Url-1 = {http://dl.acm.org/citation.cfm?id=1251375.1251396}}

@inproceedings{MBS+09,
	Author = {Thomas Moyer and Kevin Butler and Joshua Schiffman and Patrick McDaniel and Trent Jaeger},
	Booktitle = {ACSAC},
	Date-Added = {2012-09-10 15:24:54 -0400},
	Date-Modified = {2012-09-10 15:27:55 -0400},
	Title = {Scalable Web Content Attestation},
	Year = {2009}}

@inproceedings{AGS05,
	Author = {Andre Adelsbach and Sebastian Gajek and Jorg Schwenk},
	Booktitle = {ISPEC},
	Date-Added = {2012-09-10 12:10:41 -0400},
	Date-Modified = {2012-11-07 16:48:49 -0500},
	Title = {Visual Spoofing of {SSL} Protected Web Sites and Effective Countermeasures},
	Year = {2005}}

@conference{FHH+02,
	Author = {Batya Friedman and David Hurley and Daniel C. Howe and Edward Felten and Helen Nissenbaum},
	Booktitle = {CHI},
	Date-Added = {2012-09-10 12:08:14 -0400},
	Date-Modified = {2012-09-10 12:09:23 -0400},
	Title = {Users' Conceptions of Web Security: A Comparative Study (Short Talk)},
	Year = {2002}}

@conference{OV03,
	Author = {A. Ornaghi and M. Valleri},
	Booktitle = {Black Hat USA},
	Date-Added = {2012-09-10 10:51:14 -0400},
	Date-Modified = {2012-09-10 10:52:05 -0400},
	Title = {Man in the middle attacks: demos},
	Year = {2003}}

@inproceedings{FL98,
	Author = {B. Fox and B. {LaMacchia}},
	Booktitle = {Financial Cryptography},
	Date-Added = {2012-09-07 13:15:20 -0400},
	Date-Modified = {2012-09-07 13:16:07 -0400},
	Title = {Certificate Revocation: Mechanics and Meaning},
	Year = {1997}}

@inproceedings{FBDW97,
	Author = {E. Felten and D. Balfanz and D. Dean and D. S. Wallach},
	Booktitle = {NISSC},
	Date-Added = {2012-09-07 13:12:58 -0400},
	Date-Modified = {2012-09-07 13:14:05 -0400},
	Title = {Web Spoofing: An Internet Con Game},
	Year = {1997}}

@inproceedings{Ste10,
	Author = {Stebila, Douglas},
	Booktitle = {OZCHI},
	Date-Added = {2012-09-07 13:10:02 -0400},
	Date-Modified = {2012-09-07 13:10:54 -0400},
	Title = {Reinforcing bad behaviour: the misuse of security indicators on popular websites},
	Year = {2010}}

@inproceedings{DT05,
	Author = {R. Dhamija and J.D. Tygar},
	Booktitle = {SOUPS},
	Date-Added = {2012-09-06 15:48:25 -0400},
	Date-Modified = {2012-09-06 15:49:16 -0400},
	Title = {The Battle Against Phishing: Dynamic Security Skins},
	Year = {2005}}

@inproceedings{DTH06,
	Author = {Dhamija, Rachna and Tygar, J. D. and Hearst, Marti},
	Booktitle = {CHI},
	Date-Added = {2012-08-21 16:23:53 -0400},
	Date-Modified = {2012-08-21 16:24:42 -0400},
	Title = {Why phishing works},
	Year = {2006},
	Bdsk-Url-1 = {http://dx.doi.org/10.1145/1124772.1124861}}

@article{GG02,
	Author = {Gabrilovich, E. and Gontmakher, A.},
	Date-Added = {2012-08-21 16:21:41 -0400},
	Date-Modified = {2012-08-21 16:21:52 -0400},
	Journal = {Communications of the ACM},
	Number = {2},
	Title = {The homograph attack},
	Volume = {45},
	Year = {2002}}

@inproceedings{JB08b,
	Author = {Collin Jackson and Adam Barth},
	Booktitle = {W2SP},
	Date-Added = {2012-08-20 14:36:45 -0400},
	Date-Modified = {2012-11-12 15:08:38 -0500},
	Title = {Beware of Finer-Grained Origins},
	Year = {2008},
	Bdsk-Url-1 = {http://seclab.stanford.edu/websec/origins/fgo.pdf}}

@techreport{ZS09,
	Author = {M. Zusman and A. Sotirov},
	Date-Added = {2012-08-20 14:30:31 -0400},
	Date-Modified = {2012-11-07 16:40:59 -0500},
	Institution = {Black Hat Security Briefings},
	Title = {Sub-Prime {PKI}: Attacking Extended Validation {SSL}},
	Year = {2009}}

@inproceedings{SS10,
	Author = {Sooel Son and Vitaly Shmatikov},
	Booktitle = {SECURECOMM},
	Date-Added = {2012-08-20 13:48:17 -0400},
	Date-Modified = {2012-11-07 16:42:06 -0500},
	Title = {The Hitchhiker's Guide to {DNS} Cache Poisoning},
	Year = {2010}}

@conference{Kam08,
	Author = {D. Kaminsky},
	Booktitle = {Black Hat USA},
	Date-Added = {2012-08-20 13:41:46 -0400},
	Date-Modified = {2012-08-20 13:47:16 -0400},
	Title = {{B}lack {O}ps 2008: it's the end of the cache as we know it},
	Year = {2008}}

@inproceedings{ATO12,
	Author = {C. Amrutkar and P. Traynor and P.C. van Oorschot},
	Booktitle = {ISC},
	Date-Added = {2012-08-16 12:42:57 -0400},
	Date-Modified = {2012-11-07 16:48:32 -0500},
	Title = {Measuring {SSL} Indicators on Mobile Browsers: Extended Life or End of the Road?},
	Year = {2012}}

@techreport{BR11,
	Author = {E. Barker and A. Roginsky},
	Date-Added = {2012-07-11 17:04:09 -0400},
	Date-Modified = {2012-07-11 17:05:04 -0400},
	Institution = {NIST},
	Number = {800-131A},
	Title = {Transitions: Recommendation for Transitioning the Use of Cryptographic Algorithms and Key Lengths},
	Type = {Special Publication},
	Year = {2011}}

@inproceedings{Ble98,
	Author = {D. Bleichenbacher},
	Booktitle = {CRYPTO},
	Date-Added = {2012-07-11 12:52:34 -0400},
	Date-Modified = {2012-07-11 12:53:30 -0400},
	Title = {Chosen Ciphertext Attacks Against Protocols Based on the {RSA} Encryption Standard {PKCS \#1}},
	Year = {1998}}

@conference{Jar12,
	Author = {J. Jarmoc},
	Booktitle = {Black Hat Europe},
	Date-Added = {2012-06-25 15:40:03 -0400},
	Date-Modified = {2012-06-25 15:51:45 -0400},
	Title = {{SSL/TLS} Interception Proxies and Transitive Trust},
	Year = {2012}}

@conference{RD12,
	Author = {J. Rizzo and T. Duong},
	Booktitle = {Ekoparty},
	Date-Added = {2011-11-03 14:55:52 -0400},
	Date-Modified = {2013-03-04 21:05:17 +0000},
	Title = {The CRIME attack},
	Year = {2012}}

@inproceedings{Vau02,
	Author = {Serge Vaudenay},
	Booktitle = {EUROCRYPT},
	Date-Added = {2011-11-03 14:52:07 -0400},
	Date-Modified = {2011-11-03 15:07:04 -0400},
	Title = {Security Flaws Induced by {CBC} padding: applications to {SSL}, {IPSEC}, {WTLS}, \ldots},
	Year = {2002}}

@inproceedings{SLW07,
	Author = {M. Stevens and A. Lenstra and B. de Weger},
	Booktitle = {EUROCRYPT},
	Date-Added = {2011-11-03 14:33:00 -0400},
	Date-Modified = {2012-06-26 12:55:05 -0400},
	Title = {Chosen-Prefix Collisions for {MD5} and Colliding {X.509} Certificates for Different Identities},
	Year = {2007}}

@conference{Dob96,
	Author = {H. Dobbertin},
	Booktitle = {EUROCRYPT (Rump Session Talk)},
	Date-Added = {2011-11-03 14:28:54 -0400},
	Date-Modified = {2012-06-26 12:50:37 -0400},
	Title = {Crytanalysis of {MD5} compress},
	Year = {1996}}

@inproceedings{RS11,
	Author = {Ivan Ristic and Michael Small},
	Booktitle = {Hack in the Box},
	Date-Added = {2011-11-03 14:25:39 -0400},
	Date-Modified = {2011-11-03 14:26:13 -0400},
	Title = {A Study of what really breaks {SSL}},
	Year = {2011}}

@conference{EB10a,
	Author = {P. Eckersley and J. Burns},
	Booktitle = {DEFCON 18},
	Date-Added = {2011-10-14 14:45:11 -0400},
	Date-Modified = {2011-10-14 14:45:58 -0400},
	Title = {An Observatory for the {SSLiverse}},
	Year = {2010}}

@inproceedings{CHVV03,
	Author = {B. Canvel and A. Hiltgen and S. Vaudenay and M. Vuagnoux},
	Booktitle = {CRYPTO},
	Date-Added = {2011-10-14 11:27:38 -0400},
	Date-Modified = {2012-07-12 13:36:49 -0400},
	Title = {Password Interception in a {SSL/TSL} Channel},
	Year = {2003}}

@conference{Gri08,
	Author = {I. Grigg},
	Booktitle = {LISA (invited talk)},
	Date-Added = {2011-10-13 19:20:49 -0400},
	Date-Modified = {2011-10-13 19:25:24 -0400},
	Title = {An Open Audit of an Open Certification Authority},
	Year = {2008}}

@unpublished{Pal11,
	Author = {C. Palmer},
	Date-Added = {2011-10-13 16:55:52 -0400},
	Date-Modified = {2011-10-13 19:29:20 -0400},
	Note = {Online},
	Title = {It's Time to Fix {HTTPS}},
	Year = {2011}}

@conference{Zus09,
	Author = {M. Zusman},
	Booktitle = {DEFCON 17},
	Date-Added = {2011-10-13 15:52:09 -0400},
	Date-Modified = {2011-10-13 19:28:00 -0400},
	Title = {Criminal charges are not pursued: Hacking {PKI}},
	Year = {2009}}

@conference{Per08,
	Author = {M. Perry},
	Booktitle = {DEFCON 16},
	Date-Added = {2011-10-13 15:47:40 -0400},
	Date-Modified = {2011-10-13 19:25:36 -0400},
	Title = {365-day: {HTTPS} cookie stealing},
	Year = {2008}}

@conference{PK11,
	Author = {N. J. Percoco and P. Kehrer},
	Booktitle = {DEFCON 19},
	Date-Added = {2011-10-13 15:21:51 -0400},
	Date-Modified = {2011-10-13 19:28:46 -0400},
	Title = {Getting {SSLizzard}},
	Year = {2011}}

@conference{EB10b,
	Author = {P. Eckersley and J. Burns},
	Booktitle = {Chaos Communication Congress},
	Date-Added = {2011-10-13 15:19:10 -0400},
	Date-Modified = {2011-10-14 16:00:50 -0400},
	Title = {Is the {SSLiverse} a Safe Place?},
	Year = {2010}}

@conference{Zus08,
	Author = {M. Zusman},
	Booktitle = {Black Hat USA},
	Date-Added = {2011-10-13 14:54:00 -0400},
	Date-Modified = {2011-10-13 19:25:49 -0400},
	Title = {Leveraging the edge: abusing {SSL} {VPN}s},
	Year = {2008}}

@conference{BB08,
	Author = {L. Bello and M. Bertachhini},
	Booktitle = {DEFCON 16},
	Date-Added = {2011-10-13 14:47:22 -0400},
	Date-Modified = {2012-06-25 15:52:49 -0400},
	Title = {Predictable {PRNG} in the Vulnerable {D}ebian {OpenSSL} package: the What and the How},
	Year = {2008}}

@conference{SZ09,
	Author = {A. Sotirov and M. Zusman},
	Booktitle = {Black Hat USA},
	Date-Added = {2011-10-13 14:43:20 -0400},
	Date-Modified = {2012-08-20 14:39:33 -0400},
	Title = {Breaking the security myths of Extended Validation {SSL} Certificates},
	Year = {2009}}

@conference{Mar09b,
	Author = {M. Marlinspike},
	Booktitle = {DEFCON 17},
	Date-Added = {2011-10-13 14:41:58 -0400},
	Date-Modified = {2013-03-01 23:01:10 +0000},
	Title = {More Tricks for Defeating {SSL} in Practice},
	Year = {2009}}

@conference{Ris10,
	Author = {I. Ristic},
	Booktitle = {Black Hat USA},
	Date-Added = {2011-10-13 14:38:10 -0400},
	Date-Modified = {2011-10-13 19:29:50 -0400},
	Title = {Internet {SSL} Survey 2010},
	Year = {2010}}

@conference{HS10b,
	Author = {R. Hansen and J. Sokol},
	Booktitle = {Black Hat USA},
	Date-Added = {2011-10-13 14:34:11 -0400},
	Date-Modified = {2011-10-13 19:29:30 -0400},
	Title = {{HTTPS} Can Byte Me},
	Year = {2010}}

@conference{Mar11,
	Author = {M. Marlinspike},
	Booktitle = {Black Hat USA},
	Date-Added = {2011-10-13 14:25:52 -0400},
	Date-Modified = {2011-10-13 19:28:37 -0400},
	Title = {{SSL} And The Future Of Authenticity},
	Year = {2011}}

@conference{PK08,
	Author = {A. Pilosov and T. Kapela},
	Booktitle = {DEFCON 16},
	Date-Added = {2011-10-13 14:07:19 -0400},
	Date-Modified = {2011-10-13 19:27:35 -0400},
	Title = {Stealing the internet: An internet-scale man-in-the-middle attack},
	Year = {2008}}

@conference{Mar09a,
	Author = {M. Marlinspike},
	Booktitle = {Black Hat DC},
	Date-Added = {2011-10-13 14:05:33 -0400},
	Date-Modified = {2011-10-13 19:30:10 -0400},
	Title = {New tricks for defeating {SSL} in practice},
	Year = {2009}}

@inproceedings{VFBH11,
	Author = {N. Vratonjic and J. Freudiger and V. Bindschaedler and J-P Hubaux},
	Booktitle = {WEIS},
	Date-Added = {2011-10-13 14:02:48 -0400},
	Date-Modified = {2011-10-13 14:03:38 -0400},
	Title = {The Inconvenient Truth about Web Certificates},
	Year = {2011}}

@article{DPW11,
	Author = {J. P. Degabriele and K. G. Paterson and G. J. Watson},
	Date-Added = {2011-10-13 14:01:20 -0400},
	Date-Modified = {2011-10-13 14:02:38 -0400},
	Journal = {IEEE Security and Privacy},
	Number = {3},
	Title = {Provable Security in the Real World},
	Volume = {9},
	Year = {2011}}

@inproceedings{HCBRJ11,
	Author = {L-S. Huang and E. Y. Chen and A. Barth and E. Rescorla and C. Jackson},
	Booktitle = {W2SP},
	Date-Added = {2011-10-13 13:59:21 -0400},
	Date-Modified = {2012-06-26 12:56:46 -0400},
	Title = {Talking to Yourself for Fun and Profit},
	Year = {2011}}

@inproceedings{SS11,
	Author = {C. Soghoian and S. Stamm},
	Booktitle = {Financial Cryptography},
	Date-Added = {2011-10-13 13:58:37 -0400},
	Date-Modified = {2012-06-21 13:50:58 -0400},
	Title = {Certified Lies: Detecting and Defeating Government Interception Attacks Against {SSL}},
	Year = {2011}}

@inproceedings{KPS10,
	Author = {D. Kaminsky and M. L. Patterson and L. Sassaman},
	Booktitle = {Financial Cryptography},
	Date-Added = {2011-10-13 13:55:27 -0400},
	Date-Modified = {2012-06-21 13:50:49 -0400},
	Title = {{PKI} Layer Cake: New Collision Attacks Against the Global {X}.509 Infrastructure},
	Year = {2010}}

@inproceedings{YRSES09,
	Author = {S. Yilek and E. Rescorla and H. Shacham and B. Enright and S. Savage},
	Booktitle = {IMC},
	Date-Added = {2011-10-13 13:53:33 -0400},
	Date-Modified = {2012-07-12 13:39:39 -0400},
	Title = {When Private Keys are Public: Results from the 2008 {D}ebian {OpenSSL} Vulnerability},
	Year = {2009}}

@inproceedings{SSAL+09,
	Author = {M. Stevens and A. Sotirov and J. Appelbaum and A. Lenstra and D. Molnar and D. A. Osvik and B. de Weger},
	Booktitle = {CRYPTO},
	Date-Added = {2011-10-13 13:52:15 -0400},
	Date-Modified = {2011-10-13 13:53:24 -0400},
	Title = {Short Chosen-Prefix Collisions for {MD5} and the Creation of a Rogue {CA} Certificate},
	Year = {2009}}

@inproceedings{SEAAC09,
	Author = {J. Sunshine and S. Egelman and H. Almuhimedi and N. Atri and L. F. Cranor},
	Booktitle = {USENIX Security},
	Date-Added = {2011-10-13 13:50:23 -0400},
	Date-Modified = {2011-10-13 13:51:15 -0400},
	Title = {Crying Wolf: An Empirical Study of {SSL} Warning Effectiveness},
	Year = {2009}}

@inproceedings{SHJJ09,
	Author = {H. Story and B. Harbulot and I. Jacobi and M. Jones},
	Booktitle = {ESWC},
	Date-Added = {2011-10-13 13:48:07 -0400},
	Date-Modified = {2011-10-13 13:49:35 -0400},
	Title = {{FOAF}+{SSL}: {REST}ful Authentication for the Social Web},
	Year = {2009}}

@techreport{KSC09,
	Author = {A. H. Karp and M. Stiegler and T. Close},
	Date-Added = {2011-10-13 13:46:42 -0400},
	Date-Modified = {2011-10-13 13:47:33 -0400},
	Institution = {HP Labs},
	Number = {HPL-2009-53},
	Title = {Not One Click for Security},
	Year = {2009}}

@inproceedings{KTW09,
	Author = {C. Karlof and J.D. Tygar and D. Wagner},
	Booktitle = {NDSS},
	Date-Added = {2011-10-13 13:44:11 -0400},
	Date-Modified = {2011-10-13 13:45:46 -0400},
	Title = {Conditioned-safe Ceremonies and a User Study of an Appplication to Web Authentication},
	Year = {2009}}

@inproceedings{WAP08,
	Author = {D. Wendlandt and D. G. Andersen and A. Perrig},
	Booktitle = {USENIX Annual Tech},
	Date-Added = {2011-10-13 13:42:52 -0400},
	Date-Modified = {2012-07-12 13:36:19 -0400},
	Title = {Perspectives: Improving {SSH}-style Host Authentication with Multi-Path Probing},
	Year = {2008}}

@article{Ahm08,
	Author = {D. Ahmad},
	Date-Added = {2011-10-13 13:41:21 -0400},
	Date-Modified = {2011-10-13 13:42:17 -0400},
	Journal = {IEEE Security and Privacy},
	Number = {5},
	Title = {Two Years of Broken Crypto},
	Volume = {6},
	Year = {2008}}

@inproceedings{SBOP08,
	Author = {J. Sobey and R. Biddle and P.C. van Oorschot and A. S. Patrick},
	Booktitle = {ESORICS},
	Date-Added = {2011-10-13 13:39:59 -0400},
	Date-Modified = {2011-10-13 13:40:39 -0400},
	Title = {Exploring User Reactions to New Browser Cues for Extended Validation Certificates},
	Year = {2008}}

@inproceedings{GMSS08,
	Author = {S. Gajek and M. Manulis and A-R Sadeghi and J. Schwenk},
	Booktitle = {ASIACCS},
	Date-Added = {2011-10-13 13:36:35 -0400},
	Date-Modified = {2011-10-13 13:37:39 -0400},
	Title = {Provably Secure Browser-Based User-Aware Mutual Authentication over {TLS}},
	Year = {2008}}

@inproceedings{SDOF07,
	Author = {S. E. Schecter and R. Dhamija and A. Ozment and I. Fischer},
	Booktitle = {IEEE Symposium on Security and Privacy},
	Date-Added = {2011-10-13 13:35:20 -0400},
	Date-Modified = {2011-10-13 13:36:02 -0400},
	Title = {The Emperor's New Security Indicators: An evaluation of website authentication and the effect of role playing on usability studies},
	Year = {2007}}

@inproceedings{LMN07,
	Author = {H. K. Lee and T. Malkin and E. Nahum},
	Booktitle = {IMC},
	Date-Added = {2011-10-13 13:34:34 -0400},
	Date-Modified = {2012-07-12 13:39:53 -0400},
	Title = {Cryptographic Strength of {SSL/TLS} Servers: Current and Recent Practices},
	Year = {2007}}

@inproceedings{JSTB07,
	Author = {C. Jackson and D. R. Simon and D. S. Tan and A. Barth},
	Booktitle = {USEC},
	Date-Added = {2011-10-13 12:19:32 -0400},
	Date-Modified = {2011-10-13 12:20:34 -0400},
	Title = {An Evaluation of Extended Validation and Picture-in-Picture Phishing Attacks},
	Year = {2007}}

@techreport{Ell07,
	Author = {C. Ellison},
	Date-Added = {2011-10-13 12:18:37 -0400},
	Date-Modified = {2011-10-13 12:19:06 -0400},
	Institution = {IACR ePrint},
	Number = {2007/399},
	Title = {Ceremony Design and Analysis},
	Year = {2007}}

@inproceedings{JT07,
	Author = {M. Joye and M. Tunstall},
	Booktitle = {SECRYPT},
	Date-Added = {2011-10-13 12:16:59 -0400},
	Date-Modified = {2011-10-13 12:17:55 -0400},
	Title = {Securing {OpenSSL} against micro-architectural attacks},
	Year = {2007}}

@inproceedings{Bar06,
	Author = {G. V. Bard},
	Booktitle = {SECRYPT},
	Date-Added = {2011-10-13 12:15:48 -0400},
	Date-Modified = {2011-10-13 12:16:45 -0400},
	Title = {A Challenging but feasible blockwise-adaptive chosen-plaintext attack on {SSL}},
	Year = {2006}}

@inproceedings{WI05,
	Author = {T. Whalen and K. M. Inkpen},
	Booktitle = {Graphics Interface},
	Date-Added = {2011-10-13 12:13:51 -0400},
	Date-Modified = {2011-10-13 12:15:20 -0400},
	Title = {Gathering Evidence: Use of Visual Security Cues in Web Browsers},
	Year = {2005}}

@article{YSA05,
	Author = {Z. Ye and S. Smith and D. Anthony},
	Date-Added = {2011-10-13 12:12:49 -0400},
	Date-Modified = {2012-07-12 13:40:48 -0400},
	Journal = {ACM TISSEC},
	Number = {2},
	Title = {Trusted Paths for Browsers},
	Volume = {8},
	Year = {2005}}

@techreport{Bar04,
	Author = {G. Bard},
	Date-Added = {2011-10-13 12:10:25 -0400},
	Date-Modified = {2011-10-13 12:12:20 -0400},
	Institution = {IACR ePrint},
	Number = {2004/111},
	Title = {The vulnerability of {SSL} to chosen-plaintext attack},
	Year = {2004}}

@conference{Res03b,
	Author = {E. Rescorla},
	Booktitle = {USENIX Security (invited talk)},
	Date-Added = {2011-10-13 12:06:50 -0400},
	Date-Modified = {2011-10-13 19:25:01 -0400},
	Title = {The Internet is Too Secure Already},
	Year = {2003}}

@inproceedings{Res03,
	Author = {E. Rescorla},
	Booktitle = {USENIX Security},
	Date-Added = {2011-10-13 12:04:36 -0400},
	Date-Modified = {2011-10-13 12:05:09 -0400},
	Title = {Security holes... Who cares?},
	Year = {2003}}

@inproceedings{LN02,
	Author = {S. Lefranc and D. Naccache},
	Booktitle = {ICISC},
	Date-Added = {2011-10-13 12:03:32 -0400},
	Date-Modified = {2011-10-13 12:04:15 -0400},
	Title = {Cut-\&-Paste Attacks with {JAVA}},
	Year = {2002}}

@inproceedings{Kra01,
	Author = {H. Krawczyk},
	Booktitle = {CRYPTO},
	Date-Added = {2011-10-13 12:01:52 -0400},
	Date-Modified = {2011-10-13 12:02:52 -0400},
	Title = {The order of encryption and authentication for protecting communications (or: how secure is {SSL}?)},
	Year = {2001}}

@incollection{Bel98,
	Author = {Mihir Bellare},
	Booktitle = {Lectures on Data Security},
	Date-Added = {2011-10-13 11:57:16 -0400},
	Date-Modified = {2011-10-13 12:00:05 -0400},
	Publisher = {LNCS 1561},
	Title = {Practice-Oriented Provable Security},
	Year = {1999}}

@inproceedings{Hay98,
	Author = {J. M. Hayes},
	Booktitle = {IEEE WETICE},
	Date-Added = {2011-10-13 11:55:47 -0400},
	Date-Modified = {2012-06-21 13:51:31 -0400},
	Title = {The Problem with Multiple Roots in Web Browswers - Certificate Masquerading},
	Year = {1998}}

@inproceedings{WS96,
	Author = {D. Wagner and B. Schneier},
	Booktitle = {USENIX Workshop on Electronic Commerce},
	Date-Added = {2011-10-13 11:53:50 -0400},
	Date-Modified = {2011-10-13 11:54:43 -0400},
	Title = {Analysis of the {SSL} 3.0 protocol},
	Year = {1996}}

@inproceedings{Gal96,
	Author = {J. M. Galvin},
	Booktitle = {USENIX Security},
	Date-Added = {2011-10-13 11:52:31 -0400},
	Date-Modified = {2012-07-12 13:41:28 -0400},
	Title = {Public Key Distribution with Secure {DNS}},
	Year = {1996}}

@inproceedings{Ell96,
	Author = {C. M. Ellison},
	Booktitle = {USENIX Security},
	Date-Added = {2011-10-13 11:50:45 -0400},
	Date-Modified = {2012-07-12 13:41:50 -0400},
	Title = {Establishing Identity Without Certification Authorities},
	Year = {1996}}

@article{GW96,
	Author = {I. Goldberg and D. Wagner},
	Date-Added = {2011-10-13 11:48:51 -0400},
	Date-Modified = {2011-11-03 14:54:55 -0400},
	Journal = {Dr. Dobb's Journal},
	Title = {Randomness and the {N}etscape Browser},
	Year = {1996}}

@inproceedings{RBNB11,
	Author = {K Radke and C Boyd and J G Nieto and M Brereton},
	Booktitle = {IFIP SEC},
	Date-Added = {2011-10-12 22:42:01 -0400},
	Date-Modified = {2011-10-12 22:44:16 -0400},
	Title = {Ceremony Analysis: Strengths and Weaknesses},
	Year = {2011}}

@inproceedings{BM10,
	Author = {J. Bau and J. Mitchell},
	Booktitle = {NDSS},
	Date-Added = {2011-10-12 22:40:12 -0400},
	Date-Modified = {2011-10-13 11:48:07 -0400},
	Title = {A Security Evaluation of {DNSSEC} with {NSEC3}},
	Year = {2010}}

@inproceedings{APDLF10,
	Author = {M. Antonakakis and R. Perdisci and D. Dagon and W. Lee and N. Feamster},
	Booktitle = {USENIX Security},
	Date-Added = {2011-10-12 22:38:51 -0400},
	Date-Modified = {2011-10-13 11:47:25 -0400},
	Title = {Building a Dynamic Reputation System for {DNS}},
	Year = {2010}}

@inproceedings{WGMK+09,
	Author = {H. J. Wang and C. Grier and A. Moshchuk and S. T. King and P. Choudhury and H. Venter},
	Booktitle = {USENIX Security},
	Date-Added = {2011-10-12 22:33:31 -0400},
	Date-Modified = {2012-06-25 15:54:21 -0400},
	Title = {The Multi-Principal {OS} Construction of the {G}azelle Web Browser},
	Year = {2009}}

@inproceedings{OMZ09,
	Author = {E. Osterweil and D. Massey and L. Zhang},
	Booktitle = {ACSAC},
	Date-Added = {2011-10-12 22:32:28 -0400},
	Date-Modified = {2012-06-26 12:56:01 -0400},
	Title = {Deploying and Monitoring {DNS} Security ({DNSSEC})},
	Year = {2009}}

@inproceedings{HS10,
	Author = {A. Herzberg and H. Shulman},
	Booktitle = {NDSS},
	Date-Added = {2011-10-12 22:31:06 -0400},
	Date-Modified = {2012-06-26 12:56:33 -0400},
	Title = {Stealth {DoS} Attacks on Secure Channels},
	Year = {2010}}

@inproceedings{CMWZ09,
	Author = {S. Chen and Z. Mao and Y-M. Wang and M. Zhang},
	Booktitle = {IEEE Symposium on Security and Privacy},
	Date-Added = {2011-10-12 22:25:37 -0400},
	Date-Modified = {2012-06-26 12:56:15 -0400},
	Title = {Pretty-Bad-Proxy: An Overlooked Adversary in Browsers' {HTTPS} Deployments},
	Year = {2009}}

@inproceedings{BCS09,
	Author = {A. Barth and J. Caballero and D. Song},
	Booktitle = {IEEE Symposium on Security and Privacy},
	Date-Added = {2011-10-12 22:25:02 -0400},
	Date-Modified = {2011-10-13 11:48:00 -0400},
	Title = {Secure Content Sniffing for Web Browsers, or How to Stop Papers from Reviewing Themselves},
	Year = {2009}}

@inproceedings{BB95,
	Author = {M. Blaze and S. M. Bellovin},
	Booktitle = {USENIX Security},
	Date-Added = {2011-10-12 21:44:55 -0400},
	Date-Modified = {2012-06-25 15:56:19 -0400},
	Title = {Session-Layer Encryption},
	Year = {1995}}

@inproceedings{BFCZ08,
	Author = {K. Bhargavan and C. Fournet and R. Corin and E. Zalinescu},
	Booktitle = {CCS},
	Date-Added = {2011-10-12 21:44:06 -0400},
	Date-Modified = {2012-07-12 13:42:25 -0400},
	Title = {Cryptographically Verified Implementations for {TLS}},
	Year = {2008}}

@inproceedings{ANC08,
	Author = {T. Aura and P. Nikander and G. Camarillo},
	Booktitle = {IEEE Symposium on Security and Privacy},
	Date-Added = {2011-10-12 21:43:02 -0400},
	Date-Modified = {2011-10-13 11:47:52 -0400},
	Title = {Effects of Mobility and Multihoming on Transport-Protocol Security},
	Year = {2004}}

@inproceedings{JBBSB07,
	Author = {C. Jackson and A. Barth and A. Bortz and W. Shao and D. Boneh},
	Booktitle = {CCS},
	Date-Added = {2011-10-12 21:42:19 -0400},
	Date-Modified = {2012-06-26 12:54:52 -0400},
	Title = {Protecting Browsers from DNS Rebinding Attacks},
	Year = {2007}}

@inproceedings{HSDDM05,
	Author = {C. He and M. Sundararajan and A. Datta and A. Derek and J. C. Mitchell},
	Booktitle = {CCS},
	Date-Added = {2011-10-12 21:41:14 -0400},
	Date-Modified = {2012-06-26 12:54:17 -0400},
	Title = {A Modular Correctness Proof of {IEEE} 802.11i and {TLS}},
	Year = {2005}}

@inproceedings{DP07,
	Author = {J. P. Degabriele and K. G. Paterson},
	Booktitle = {IEEE Symposium on Security and Privacy},
	Date-Added = {2011-10-12 21:37:31 -0400},
	Date-Modified = {2012-06-26 12:55:16 -0400},
	Title = {Attacking the {IPsec} Standards in Encryption-only Configurations},
	Year = {2007}}

@inproceedings{LL06,
	Author = {M. Liberatore and B. N. Levine},
	Booktitle = {CCS},
	Date-Added = {2011-10-12 21:36:56 -0400},
	Date-Modified = {2011-10-13 11:48:27 -0400},
	Title = {Inferring the Source of Encrypted {HTTP} Connections},
	Year = {2006}}

@article{CDW06,
	Author = {C. Coarfa and P. Druschel and D. S. Wallach},
	Date-Added = {2011-10-12 21:36:12 -0400},
	Date-Modified = {2012-07-12 13:41:04 -0400},
	Journal = {ACM TOCS},
	Number = {1},
	Title = {Performance Analysis of {TLS} Web Servers},
	Volume = {24},
	Year = {2006}}

@inproceedings{LK05,
	Author = {J. Li and X. Kang},
	Booktitle = {ACSAC},
	Date-Added = {2011-10-12 21:33:47 -0400},
	Date-Modified = {2012-06-26 12:53:40 -0400},
	Title = {{mSSL}: Extending {SSL} to Support Data Sharing Among Collaborative Clients},
	Year = {2005}}

@inproceedings{LK03,
	Author = {C. Lesniewski-Laas and M. F. Kaashoek},
	Booktitle = {USENIX Security},
	Date-Added = {2011-10-12 21:32:27 -0400},
	Date-Modified = {2012-07-12 13:42:39 -0400},
	Title = {{SSL} splitting: securely serving data from untrusted caches},
	Year = {2003}}

@inproceedings{JBR05,
	Author = {J. P. Jones and D. F. Berger and C. V. Ravishankar},
	Booktitle = {ACSAC},
	Date-Added = {2011-10-12 21:30:11 -0400},
	Date-Modified = {2012-06-26 12:53:57 -0400},
	Title = {Layering Public Key Distribution Over Secure {DNS} using Authenticated Delegation},
	Year = {2005}}

@inproceedings{BR06,
	Author = {S. M. Bellovin and E. Rescorla},
	Booktitle = {NDSS},
	Date-Added = {2011-10-12 21:27:20 -0400},
	Date-Modified = {2011-10-13 11:48:17 -0400},
	Title = {Deploying a New Hash Algorithm},
	Year = {2006}}

@inproceedings{ASK05,
	Author = {O. Acii\c{c}mez and W. Schindler and \c{C}. K. Ko\c{c}},
	Booktitle = {CCS},
	Date-Added = {2011-10-12 21:16:42 -0400},
	Date-Modified = {2011-10-13 11:47:08 -0400},
	Title = {Improving {B}rumley and {B}oneh Timing Attack on Unprotected {SSL} Implementations},
	Year = {2005}}

@inproceedings{SSWR+02,
	Author = {Q. Sun and D. R. Simon and Y-M. Wang and W. Russell and V. N. Padmanabhan and L. Qiu},
	Booktitle = {IEEE Symposium on Security and Privacy},
	Date-Added = {2011-10-12 21:15:21 -0400},
	Date-Modified = {2012-06-26 12:52:55 -0400},
	Title = {Statistical Identification of Encrypted Web Browsing Traffic},
	Year = {2002}}

@inproceedings{MR04,
	Author = {N. Modadugu and E. Rescorla},
	Booktitle = {NDSS},
	Date-Added = {2011-10-12 21:14:35 -0400},
	Date-Modified = {2012-06-25 15:56:38 -0400},
	Title = {The Design and Implementation of Datagram {TLS}},
	Year = {2004}}

@inproceedings{GSFS+04,
	Author = {V. Gupta and D. Steblia and S. Fung and S. C. Shantz and N. Gura and H. Eberle},
	Booktitle = {NDSS},
	Date-Added = {2011-10-12 21:13:32 -0400},
	Date-Modified = {2012-06-26 12:53:30 -0400},
	Title = {Speeding up Secure Web Transactions Using Elliptic Curve Cryptography},
	Year = {2004}}

@inproceedings{SD03,
	Author = {D. K. Smetters and G. Durfee},
	Booktitle = {USENIX Security},
	Date-Added = {2011-10-12 21:12:52 -0400},
	Date-Modified = {2012-06-25 15:54:32 -0400},
	Title = {Domain-Based Administration of Identity-Based Cryptosystems for Secure Email and {IPsec}},
	Year = {2003}}

@inproceedings{Gut03,
	Author = {P. Gutmann},
	Booktitle = {USENIX Security},
	Date-Added = {2011-10-12 21:12:07 -0400},
	Date-Modified = {2012-06-25 15:55:23 -0400},
	Title = {Plug-and-Play {PKI}: A {PKI} your Mother can Use},
	Year = {2003}}

@inproceedings{BB03,
	Author = {D. Brumley and D. Boneh},
	Booktitle = {USENIX Security},
	Date-Added = {2011-10-12 21:11:31 -0400},
	Date-Modified = {2012-06-25 15:55:56 -0400},
	Title = {Remote Timing Attacks are Practical},
	Year = {2003}}

@inproceedings{SB02,
	Author = {Hovav Shacham and Dan Boneh},
	Booktitle = {NDSS},
	Date-Added = {2011-10-12 21:09:25 -0400},
	Date-Modified = {2011-10-13 11:46:23 -0400},
	Title = {Fast-Track Session Establishment for {TLS}},
	Year = {2002}}

@inproceedings{RCK02,
	Author = {E. Rescorla and A. Cain and B. Korver},
	Booktitle = {USENIX Security},
	Date-Added = {2011-10-12 21:08:37 -0400},
	Date-Modified = {2012-06-25 15:54:47 -0400},
	Title = {{SSLACC}: A Clustered {SSL} Accelerator},
	Year = {2002}}

@inproceedings{HJMW+02,
	Author = {A. Hess and J. Jacobson and H. Mills and R. Wamsley and K. E. Seamons and B. Smith},
	Booktitle = {NDSS},
	Date-Added = {2011-10-12 21:07:24 -0400},
	Date-Modified = {2012-06-25 15:56:56 -0400},
	Title = {Advanced Client/Server Authentication in {TLS}},
	Year = {2002}}

@inproceedings{SWT01,
	Author = {D. X. Song and D. Wagner and X. Tian},
	Booktitle = {USENIX Security},
	Date-Added = {2011-10-12 21:06:13 -0400},
	Date-Modified = {2011-10-13 11:48:46 -0400},
	Title = {Timing Analysis of Keystrokes and Timing Attacks on {SSH}},
	Year = {2001}}

@inproceedings{Mra01,
	Author = {R. Mraz},
	Booktitle = {ACSAC},
	Date-Added = {2011-10-12 21:04:58 -0400},
	Date-Modified = {2012-06-26 12:51:44 -0400},
	Title = {Secure Blue: An Architecture for a Scalable, Reliable High Volume {SSL} Internet Server},
	Year = {2001}}

@inproceedings{Jim01,
	Author = {T. Jim},
	Booktitle = {IEEE Symposium on Security and Privacy},
	Date-Added = {2011-10-12 21:03:49 -0400},
	Date-Modified = {2012-06-26 12:51:57 -0400},
	Title = {{SD3}: a trust management system with certified evaluation},
	Year = {2001}}

@inproceedings{FSSF01,
	Author = {K. Fu and E. Sit and K. Smith and N. Feamster},
	Booktitle = {USENIX Security},
	Date-Added = {2011-10-12 21:02:54 -0400},
	Date-Modified = {2012-06-25 15:55:33 -0400},
	Title = {Dos and Don'ts of Client Authentication on the Web},
	Year = {2001}}

@inproceedings{EAHM+01,
	Author = {Y. Elley and A. Anderson and S. Hanna and S. Mullan and R. Perlman and S. Proctor},
	Booktitle = {NDSS},
	Date-Added = {2011-10-12 20:09:49 -0400},
	Date-Modified = {2012-06-26 12:52:12 -0400},
	Title = {Building Certification Paths: Forward vs. Reverse},
	Year = {2001}}

@inproceedings{DS01,
	Author = {D. Dean and A. Stubblefield},
	Booktitle = {USENIX Security},
	Date-Added = {2011-10-12 20:07:46 -0400},
	Date-Modified = {2012-06-25 15:55:43 -0400},
	Title = {Using Client Puzzles to Protect {TLS}},
	Year = {2001}}

@inproceedings{BDTW01,
	Author = {D. Boneh and X. Ding and G. Tsudik and C. M. Wong},
	Booktitle = {USENIX Security},
	Date-Added = {2011-10-12 20:06:44 -0400},
	Date-Modified = {2012-06-25 15:56:10 -0400},
	Title = {A Method for Fast Revocation of Public Key Certificates and Security Capabilities},
	Year = {2001}}

@inproceedings{AM01,
	Author = {G. Ateniese and S. Mangard},
	Booktitle = {CCS},
	Date-Added = {2011-10-12 20:06:09 -0400},
	Date-Modified = {2011-10-13 11:47:43 -0400},
	Title = {A New Approach to {DNS} Security ({DNSSEC})},
	Year = {2001}}

@inproceedings{AMU01,
	Author = {X. Ao and N. H. Minsky and V. Ungureanu},
	Booktitle = {IEEE Symposium on Security and Privacy},
	Date-Added = {2011-10-12 20:04:21 -0400},
	Date-Modified = {2011-10-13 11:47:36 -0400},
	Title = {Formal Treatment of Certificate Revocation Under Communal Access Control},
	Year = {2001}}

@inproceedings{BIK01,
	Author = {M. Blaze and J. Ioannidis and A. D. Keromytis},
	Booktitle = {NDSS},
	Date-Added = {2011-10-12 20:03:28 -0400},
	Date-Modified = {2012-06-26 12:52:23 -0400},
	Title = {Trust Management for {IPsec}},
	Year = {2001}}

@article{BIK02,
	Author = {M. Blaze and J. Ioannidis and A. D. Keromytis},
	Date-Added = {2011-10-12 19:58:28 -0400},
	Date-Modified = {2012-07-12 13:40:41 -0400},
	Journal = {ACM TISSEC},
	Number = {2},
	Title = {Trust Management for {IPsec}},
	Volume = {5},
	Year = {2002}}

@inproceedings{Rus99,
	Author = {S. Russell},
	Booktitle = {ACSAC},
	Date-Added = {2011-10-12 19:57:21 -0400},
	Date-Modified = {2012-06-26 12:51:04 -0400},
	Title = {Fast Checking of Individual Certificate Revocation on Small Systems},
	Year = {1999}}

@inproceedings{Pra99,
	Author = {M. Prandini},
	Booktitle = {ACSAC},
	Date-Added = {2011-10-12 19:53:42 -0400},
	Date-Modified = {2012-06-26 12:51:13 -0400},
	Title = {Efficient Certificate Status Handling within {PKI}s: an Application to Public Administration Services},
	Year = {1999}}

@inproceedings{Coo99,
	Author = {D. A. Cooper},
	Booktitle = {ACSAC},
	Date-Added = {2011-10-12 19:52:27 -0400},
	Date-Modified = {2012-06-26 12:51:22 -0400},
	Title = {A Model of Certificate Revocation},
	Year = {1999}}

@inproceedings{BESW00,
	Author = {P. Buhler and T. Eirich and M. Steiner and M. Waidner},
	Booktitle = {NDSS},
	Date-Added = {2011-10-12 19:49:49 -0400},
	Date-Modified = {2012-06-26 12:51:37 -0400},
	Title = {Secure Password-Based Cipher Suite for {TLS}},
	Year = {2000}}

@inproceedings{NN98,
	Author = {M. Naor and K. Nissim},
	Booktitle = {USENIX Security},
	Date-Added = {2011-10-12 19:45:57 -0400},
	Date-Modified = {2012-06-25 15:54:55 -0400},
	Title = {Certificate Revocation and Certificate Update},
	Year = {1998}}

@inproceedings{MSS98,
	Author = {J. C. Mitchell and V. Shmatikov and U. Stern},
	Booktitle = {USENIX Security},
	Date-Added = {2011-10-12 19:44:51 -0400},
	Date-Modified = {2011-10-13 11:48:36 -0400},
	Title = {Finite-State Analysis of {SSL} 3.0},
	Year = {1998}}

@inproceedings{JB08,
	Author = {C. Jackson and A. Barth},
	Booktitle = {WWW},
	Date-Added = {2011-09-23 17:01:57 -0400},
	Date-Modified = {2012-10-02 17:58:13 -0400},
	Title = {{ForceHTTPS}: Protecting High-Security Web Sites from Network Attacks},
	Year = {2008}}
